<record><leader>00000cas a2200000 a 4500</leader><controlfield tag="001">53827545</controlfield><controlfield tag="008">031203u1979uuuupr dr ne      0    0spa c</controlfield><datafield ind1=" " ind2=" " tag="010"><subfield code="a">sn2004058016</subfield><subfield code="z">sn2003060508</subfield></datafield><datafield ind1=" " ind2=" " tag="040"><subfield code="a">NYS</subfield><subfield code="b">eng</subfield><subfield code="c">NYS</subfield><subfield code="d">DLC</subfield><subfield code="d">OCLCQ</subfield><subfield code="d">OCLCF</subfield><subfield code="d">OCLCO</subfield></datafield><datafield ind1="1" ind2=" " tag="029"><subfield code="a">AU@</subfield><subfield code="b">000025420869</subfield></datafield><datafield ind1=" " ind2=" " tag="042"><subfield code="a">pcc</subfield></datafield><datafield ind1=" " ind2=" " tag="043"><subfield code="a">nwpr---</subfield></datafield><datafield ind1="0" ind2=" " tag="130"><subfield code="a">Imparcial (San Juan, P.R. : 1979)</subfield></datafield><datafield ind1="1" ind2="3" tag="245"><subfield code="a">El Imparcial.</subfield></datafield><datafield ind1=" " ind2=" " tag="260"><subfield code="a">San Juan, P.R. :</subfield><subfield code="b">Unido/Prensa, Inc.,</subfield><subfield code="c">1979-</subfield></datafield><datafield ind1=" " ind2=" " tag="300"><subfield code="a">v. :</subfield><subfield code="b">ill.</subfield></datafield><datafield ind1=" " ind2=" " tag="310"><subfield code="a">Daily (except Sun.)</subfield></datafield><datafield ind1="0" ind2=" " tag="362"><subfield code="a">An&#771;o 1, nu&#769;m. 1 (22 de feb. de 1979)-</subfield></datafield><datafield ind1=" " ind2=" " tag="588"><subfield code="a">Latest issue consulted: An&#771;o 1, nu&#769;m. 20 (21 de marzo de 1979).</subfield></datafield><datafield ind1=" " ind2="0" tag="650"><subfield code="a">Puerto Ricans</subfield><subfield code="v">Newspapers.</subfield></datafield><datafield ind1=" " ind2="0" tag="651"><subfield code="a">Puerto Rico</subfield><subfield code="v">Newspapers.</subfield></datafield><datafield ind1=" " ind2="0" tag="651"><subfield code="a">San Juan (P.R.)</subfield><subfield code="v">Newspapers.</subfield></datafield><datafield ind1=" " ind2="7" tag="655"><subfield code="a">Newspapers.</subfield><subfield code="2">fast</subfield><subfield code="0">(OCoLC)fst01423814</subfield></datafield><datafield ind1=" " ind2="7" tag="650"><subfield code="a">Puerto Ricans.</subfield><subfield code="2">fast</subfield><subfield code="0">(OCoLC)fst01083707</subfield></datafield><datafield ind1=" " ind2="7" tag="651"><subfield code="a">Puerto Rico.</subfield><subfield code="2">fast</subfield><subfield code="0">(OCoLC)fst01205432</subfield></datafield><datafield ind1=" " ind2="7" tag="651"><subfield code="a">Puerto Rico</subfield><subfield code="z">San Juan.</subfield><subfield code="2">fast</subfield><subfield code="0">(OCoLC)fst01214595</subfield></datafield><datafield ind1=" " ind2=" " tag="752"><subfield code="a">United States</subfield><subfield code="b">Puerto Rico</subfield><subfield code="d">San Juan.</subfield></datafield></record>